<record><leader>00000cas a2200000 a 4500</leader><controlfield tag="001">25693230</controlfield><controlfield tag="008">920422d189u1uuuiluwr ne      0   a0eng c</controlfield><datafield ind1=" " ind2=" " tag="010"><subfield code="a">sn 92054560 </subfield></datafield><datafield ind1=" " ind2=" " tag="040"><subfield code="a">NVF</subfield><subfield code="b">eng</subfield><subfield code="c">NVF</subfield><subfield code="d">CVF</subfield><subfield code="d">NVF</subfield><subfield code="d">OCLCF</subfield><subfield code="d">NVF</subfield><subfield code="d">OCLCO</subfield></datafield><datafield ind1=" " ind2=" " tag="042"><subfield code="a">pcc</subfield></datafield><datafield ind1=" " ind2=" " tag="043"><subfield code="a">n-us-il</subfield></datafield><datafield ind1="0" ind2=" " tag="130"><subfield code="a">Examiner (Mount Sterling, Ill.)</subfield></datafield><datafield ind1="1" ind2="4" tag="245"><subfield code="a">The examiner.</subfield></datafield><datafield ind1=" " ind2=" " tag="260"><subfield code="a">Mt. Sterling, Ill. :</subfield><subfield code="b">George S. Campbell</subfield></datafield><datafield ind1=" " ind2=" " tag="300"><subfield code="a">v.</subfield></datafield><datafield ind1=" " ind2=" " tag="310"><subfield code="a">Weekly</subfield></datafield><datafield ind1=" " ind2=" " tag="588"><subfield code="a">Description based on: Volume 7, number 39 (Apr. 6, 1895).</subfield></datafield><datafield ind1=" " ind2=" " tag="588"><subfield code="a">Latest issue consulted: June 4, 1898.</subfield></datafield><datafield ind1=" " ind2="0" tag="651"><subfield code="a">Mount Sterling (Ill.)</subfield><subfield code="v">Newspapers.</subfield></datafield><datafield ind1=" " ind2="7" tag="651"><subfield code="a">Illinois</subfield><subfield code="z">Mount Sterling.</subfield><subfield code="2">fast</subfield><subfield code="0">(OCoLC)fst01883499</subfield></datafield><datafield ind1=" " ind2="7" tag="655"><subfield code="a">Newspapers.</subfield><subfield code="2">fast</subfield><subfield code="0">(OCoLC)fst01423814</subfield></datafield><datafield ind1=" " ind2=" " tag="752"><subfield code="a">United States</subfield><subfield code="b">Illinois</subfield><subfield code="c">Brown</subfield><subfield code="d">Mount Sterling.</subfield></datafield><datafield ind1="0" ind2="0" tag="780"><subfield code="t">Mount Sterling examiner (Mount Sterling, Ill. : 1888)</subfield><subfield code="w">(DLC)sn 92054559</subfield><subfield code="w">(OCoLC)25693161</subfield></datafield><datafield ind1="0" ind2="0" tag="785"><subfield code="t">Mt. Sterling examiner (Mount Sterling, Ill. : 1901)</subfield><subfield code="w">(DLC)sn 92054561</subfield><subfield code="w">(OCoLC)25693299</subfield></datafield></record>